<record><leader>00000cas a22000007a 4500</leader><controlfield tag="001">10263867</controlfield><controlfield tag="008">840104d18361846msuwr ne      0    0eng  </controlfield><datafield ind1=" " ind2=" " tag="010"><subfield code="a">sn 84020012 </subfield></datafield><datafield ind1=" " ind2=" " tag="040"><subfield code="a">DLC</subfield><subfield code="b">eng</subfield><subfield code="c">DLC</subfield><subfield code="d">OCLCQ</subfield></datafield><datafield ind1=" " ind2=" " tag="042"><subfield code="a">msc</subfield></datafield><datafield ind1="0" ind2="0" tag="050"><subfield code="a">Newspaper 8577</subfield></datafield><datafield ind1="0" ind2="0" tag="245"><subfield code="a">Sentinel &amp; expositor for the country.</subfield></datafield><datafield ind1="3" ind2="0" tag="246"><subfield code="a">Sentinel and expositor for the country</subfield></datafield><datafield ind1=" " ind2=" " tag="250"><subfield code="a">For the country.</subfield></datafield><datafield ind1=" " ind2=" " tag="260"><subfield code="a">Vicksburg, Miss. :</subfield><subfield code="b">J. Hagan</subfield></datafield><datafield ind1=" " ind2=" " tag="300"><subfield code="a">v. :</subfield><subfield code="b">ill. (chiefly advertisements) ;</subfield><subfield code="c">66 cm.</subfield></datafield><datafield ind1=" " ind2=" " tag="310"><subfield code="a">Weekly</subfield></datafield><datafield ind1="1" ind2=" " tag="362"><subfield code="a">Began with Dec. 27, 1836 issue; ceased in 1846.</subfield><subfield code="z">Cf. Gregory, W. Amer. newspapers.</subfield></datafield><datafield ind1=" " ind2=" " tag="500"><subfield code="a">Title varies slightly.</subfield></datafield><datafield ind1=" " ind2=" " tag="588"><subfield code="a">Description based on: Vol. 2, no. 52 (Jan. 1, 1839).</subfield></datafield><datafield ind1=" " ind2=" " tag="752"><subfield code="a">United States</subfield><subfield code="b">Mississippi</subfield><subfield code="c">Warren</subfield><subfield code="d">Vicksburg.</subfield></datafield><datafield ind1="1" ind2=" " tag="029"><subfield code="a">AU@</subfield><subfield code="b">000025803068</subfield></datafield></record>